@misc{pkcs7,
	author={The Internet Society},
	title={PKCS \#7: Cryptographic Message Syntax},
	note={\url{http://www.ietf.org/rfc/rfc2315.txt}}
}
@misc{rest,
	title={RESTful CherryPy Presentation (based on to implement jsonify answers)},
	note={\url{https://docs.google.com/presentation/d/1pVtqh99VfmOycus9OoY19jemSYPsXbdia-v2szT7Vs0/edit#slide=id.g21ba316f_0_32}}
}
@misc{xca,
	title={XCA Step By Step guides},
	note={\url{http://xca.sourceforge.net/xca-14.html}}
}
@misc{stream,
	title={Cherrypy streaming (snipplet used to report exceptions and stream)},
	note={\url{https://cherrypy.readthedocs.org/en/3.2.6/progguide/streaming.html}}
}
@misc{tools,
	title={Simple authentication and access restrictions helpers (used to implement CherryPy tools)},
	note={\url{http://tools.cherrypy.org/wiki/AuthenticationAndAccessRestrictions}}
}